@ARTICLE{FrenkWhite_2012,
  author = {Carlos S. Frenk and Simon D. M. White},
  title = {Dark Matter and Cosmic Structure},
  journal = {Annalen der Physik},
  year = {2012},
  volume = {524},
  number = {10},
  pages = {639--650},
  month = oct,
  doi = {10.1002/andp.201200093}
}


@ARTICLE{Wolf_2010,
  author = {Wolf, J. and et al.},
  title = {Accurate masses for dispersion-supported galaxies},
  journal = {Monthly Notices of the Royal Astronomical Society},
  volume = {406},
  pages = {1220-1234},
  year = {2010},
  doi = {10.1111/j.1365-2966.2010.16712.x},
}
@ARTICLE{Wang_2022,
doi = {10.3847/2041-8213/ac9ccf},
url = {https://dx.doi.org/10.3847/2041-8213/ac9ccf},
year = {2022},
month = {nov},
publisher = {The American Astronomical Society},
volume = {940},
number = {1},
pages = {L3},
author = {Wang, Hai-Feng and Hammer, Francois and Yang, Yan-Bin and Wang, Jian-Ling},
title = {The Dark Matter Tidal Stripping History of the Sagittarius Core with N-body Simulations},
journal = {The Astrophysical Journal Letters},
}

@ARTICLE{Dooley_2016,
  author = {Gregory A. Dooley and Annika H. G. Peter and Mark Vogelsberger and Jes√∫s Zavala and Anna Frebel},
  title = {Enhanced tidal stripping of satellites in the galactic halo from dark matter self-interactions},
  journal = {Monthly Notices of the Royal Astronomical Society},
  year = {2016},
  volume = {461},
  number = {1},
  pages = {710--727},
  doi = {10.1093/mnras/stw1320}
}

@ARTICLE{van_der_Marel_2012,
  author = {Roeland P. van der Marel and Mark Fardal and Gurtina Besla and Rachael L. Beaton and Sangmo Tony Sohn and Jay Anderson and Tom Brown and Puragra Guhathakurta},
  title = {The M31 Velocity Vector. II. Radial Orbit Toward the Milky Way and Implied Local Group Mass},
  journal = {The Astrophysical Journal},
  year = {2012},
  volume = {753},
  number = {1},
  pages = {8},
  doi = {10.1088/0004-637X/753/1/8}
}
